<?xml version="1.0" encoding="UTF-8"?><record xmlns="http://www.loc.gov/MARC21/slim" xmlns:cinclude="http://apache.org/cocoon/include/1.0" xmlns:zs="http://www.loc.gov/zing/srw/">
  <leader>00361nz  a2200121n  4500</leader>
  <controlfield tag="001">nb2003081592</controlfield>
  <controlfield tag="003">DLC</controlfield>
  <controlfield tag="005">20030822051304.0</controlfield>
  <controlfield tag="008">030821n| acannaabn          |n aaa      </controlfield>
  <datafield tag="010" ind1=" " ind2=" ">
    <subfield code="a">nb2003081592</subfield>
  </datafield>
  <datafield tag="040" ind1=" " ind2=" ">
    <subfield code="a">Uk</subfield>
    <subfield code="b">eng</subfield>
    <subfield code="c">Uk</subfield>
  </datafield>
  <datafield tag="100" ind1="1" ind2=" ">
    <subfield code="a">Joslin, Jeremy</subfield>
  </datafield>
  <datafield tag="670" ind1=" " ind2=" ">
    <subfield code="a">The battles of Hastings, 1997:</subfield>
    <subfield code="b">t.p. (Jeremy Joslin) prelim. (born in Chelmsford, Essex; nearly in his 50s)</subfield>
  </datafield>
</record>